%% This BibTeX bibliography file was created using BibDesk.
%% http://bibdesk.sourceforge.net/

%% Created for Edward Lee at 2017-03-29 08:19:14 +1100 


%% Saved with string encoding Unicode (UTF-8) 



@article{Davis:1962:MPT:368273.368557,
	Acmid = {368557},
	Address = {New York, NY, USA},
	Author = {Davis, Martin and Logemann, George and Loveland, Donald},
	Date-Added = {2017-03-28 00:22:35 +0000},
	Date-Modified = {2017-03-28 00:22:35 +0000},
	Doi = {10.1145/368273.368557},
	Issn = {0001-0782},
	Issue_Date = {July 1962},
	Journal = {Commun. ACM},
	Month = jul,
	Number = {7},
	Numpages = {4},
	Pages = {394--397},
	Publisher = {ACM},
	Title = {A Machine Program for Theorem-proving},
	Url = {http://doi.acm.org/10.1145/368273.368557},
	Volume = {5},
	Year = {1962},
	Bdsk-File-1 = {YnBsaXN0MDDUAQIDBAUGJCVYJHZlcnNpb25YJG9iamVjdHNZJGFyY2hpdmVyVCR0b3ASAAGGoKgHCBMUFRYaIVUkbnVsbNMJCgsMDxJXTlMua2V5c1pOUy5vYmplY3RzViRjbGFzc6INDoACgAOiEBGABIAFgAdccmVsYXRpdmVQYXRoWWFsaWFzRGF0YV8QUS4uLy4uL0JpYkRlc2tQYXBlcnMvRGF2aXMgZXQgYWwuIEEgTWFjaGluZSBQcm9ncmFtIGZvciBUaGVvcmVtLXByb3ZpbmcgKDE5NjIpLnBkZtIXCxgZV05TLmRhdGFPEQJEAAAAAAJEAAIAAAxNYWNpbnRvc2ggSEQAAAAAAAAAAAAAAAAAAADUnHmtSCsAAAAnKFYfRGF2aXMgZXQgYWwuIEEgTWFjaGkjMjcyMzkyLnBkZgAAAAAAAAAAAAAAAAAAAAAAAAAAAAAAAAAAAAAAAAAAACcjktT/+BcAAAAAAAAAAAACAAIAAAkgAAAAAAAAAAAAAAAAAAAADUJpYkRlc2tQYXBlcnMAABAACAAA1Jve/QAAABEACAAA1P9dZwAAAAEAEAAnKFYAFbp+AAmnjAAGYjYAAgBWTWFjaW50b3NoIEhEOlVzZXJzOgBlZHdhcmRsZWU6AERyb3Bib3g6AEJpYkRlc2tQYXBlcnM6AERhdmlzIGV0IGFsLiBBIE1hY2hpIzI3MjM5Mi5wZGYADgB8AD0ARABhAHYAaQBzACAAZQB0ACAAYQBsAC4AIABBACAATQBhAGMAaABpAG4AZQAgAFAAcgBvAGcAcgBhAG0AIABmAG8AcgAgAFQAaABlAG8AcgBlAG0ALQBwAHIAbwB2AGkAbgBnACAAKAAxADkANgAyACkALgBwAGQAZgAPABoADABNAGEAYwBpAG4AdABvAHMAaAAgAEgARAASAGNVc2Vycy9lZHdhcmRsZWUvRHJvcGJveC9CaWJEZXNrUGFwZXJzL0RhdmlzIGV0IGFsLiBBIE1hY2hpbmUgUHJvZ3JhbSBmb3IgVGhlb3JlbS1wcm92aW5nICgxOTYyKS5wZGYAABMAAS8AABUAAgAQ//8AAIAG0hscHR5aJGNsYXNzbmFtZVgkY2xhc3Nlc11OU011dGFibGVEYXRhox0fIFZOU0RhdGFYTlNPYmplY3TSGxwiI1xOU0RpY3Rpb25hcnmiIiBfEA9OU0tleWVkQXJjaGl2ZXLRJidUcm9vdIABAAgAEQAaACMALQAyADcAQABGAE0AVQBgAGcAagBsAG4AcQBzAHUAdwCEAI4A4gDnAO8DNwM5Az4DSQNSA2ADZANrA3QDeQOGA4kDmwOeA6MAAAAAAAACAQAAAAAAAAAoAAAAAAAAAAAAAAAAAAADpQ==}}

@inproceedings{paturi1998improved,
	Author = {Paturi, Ramamohan and Pudlik, P and Saks, Michael E and Zane, Francis},
	Booktitle = {Foundations of Computer Science, 1998. Proceedings. 39th Annual Symposium on},
	Date-Added = {2017-03-27 22:32:07 +0000},
	Date-Modified = {2017-03-27 22:32:07 +0000},
	Organization = {IEEE},
	Pages = {628--637},
	Title = {An improved exponential-time algorithm for k-SAT},
	Year = {1998},
	Bdsk-File-1 = {YnBsaXN0MDDUAQIDBAUGJCVYJHZlcnNpb25YJG9iamVjdHNZJGFyY2hpdmVyVCR0b3ASAAGGoKgHCBMUFRYaIVUkbnVsbNMJCgsMDxJXTlMua2V5c1pOUy5vYmplY3RzViRjbGFzc6INDoACgAOiEBGABIAFgAdccmVsYXRpdmVQYXRoWWFsaWFzRGF0YV8QXS4uLy4uL0JpYkRlc2tQYXBlcnMvUGF0dXJpIGV0IGFsLiBBbiBpbXByb3ZlZCBleHBvbmVudGlhbC10aW1lIGFsZ29yaXRobSBmb3Igay1TQVQgKDE5OTgpLnBkZtIXCxgZV05TLmRhdGFPEQJoAAAAAAJoAAIAAAxNYWNpbnRvc2ggSEQAAAAAAAAAAAAAAAAAAADUnHmtSCsAAAAnKFYfUGF0dXJpIGV0IGFsLiBBbiBpbXAjMjcyMkFBLnBkZgAAAAAAAAAAAAAAAAAAAAAAAAAAAAAAAAAAAAAAAAAAACciqtT/3isAAAAAAAAAAAACAAIAAAkgAAAAAAAAAAAAAAAAAAAADUJpYkRlc2tQYXBlcnMAABAACAAA1Jve/QAAABEACAAA1P9DewAAAAEAEAAnKFYAFbp+AAmnjAAGYjYAAgBWTWFjaW50b3NoIEhEOlVzZXJzOgBlZHdhcmRsZWU6AERyb3Bib3g6AEJpYkRlc2tQYXBlcnM6AFBhdHVyaSBldCBhbC4gQW4gaW1wIzI3MjJBQS5wZGYADgCUAEkAUABhAHQAdQByAGkAIABlAHQAIABhAGwALgAgAEEAbgAgAGkAbQBwAHIAbwB2AGUAZAAgAGUAeABwAG8AbgBlAG4AdABpAGEAbAAtAHQAaQBtAGUAIABhAGwAZwBvAHIAaQB0AGgAbQAgAGYAbwByACAAawAtAFMAQQBUACAAKAAxADkAOQA4ACkALgBwAGQAZgAPABoADABNAGEAYwBpAG4AdABvAHMAaAAgAEgARAASAG9Vc2Vycy9lZHdhcmRsZWUvRHJvcGJveC9CaWJEZXNrUGFwZXJzL1BhdHVyaSBldCBhbC4gQW4gaW1wcm92ZWQgZXhwb25lbnRpYWwtdGltZSBhbGdvcml0aG0gZm9yIGstU0FUICgxOTk4KS5wZGYAABMAAS8AABUAAgAQ//8AAIAG0hscHR5aJGNsYXNzbmFtZVgkY2xhc3Nlc11OU011dGFibGVEYXRhox0fIFZOU0RhdGFYTlNPYmplY3TSGxwiI1xOU0RpY3Rpb25hcnmiIiBfEA9OU0tleWVkQXJjaGl2ZXLRJidUcm9vdIABAAgAEQAaACMALQAyADcAQABGAE0AVQBgAGcAagBsAG4AcQBzAHUAdwCEAI4A7gDzAPsDZwNpA24DeQOCA5ADlAObA6QDqQO2A7kDywPOA9MAAAAAAAACAQAAAAAAAAAoAAAAAAAAAAAAAAAAAAAD1Q==}}

@article{DBLP:journals/corr/abs-1008-4067,
	Author = {Robin A. Moser and Dominik Scheder},
	Bibsource = {dblp computer science bibliography, http://dblp.org},
	Biburl = {http://dblp.uni-trier.de/rec/bib/journals/corr/abs-1008-4067},
	Date-Added = {2017-03-27 04:55:44 +0000},
	Date-Modified = {2017-03-27 04:55:44 +0000},
	Journal = {CoRR},
	Timestamp = {Mon, 05 Dec 2011 18:05:15 +0100},
	Title = {A Full Derandomization of Schoening's k-SAT Algorithm},
	Url = {http://arxiv.org/abs/1008.4067},
	Volume = {abs/1008.4067},
	Year = {2010},
	Bdsk-File-1 = {YnBsaXN0MDDUAQIDBAUGJCVYJHZlcnNpb25YJG9iamVjdHNZJGFyY2hpdmVyVCR0b3ASAAGGoKgHCBMUFRYaIVUkbnVsbNMJCgsMDxJXTlMua2V5c1pOUy5vYmplY3RzViRjbGFzc6INDoACgAOiEBGABIAFgAdccmVsYXRpdmVQYXRoWWFsaWFzRGF0YV8QYS4uLy4uL0JpYkRlc2tQYXBlcnMvTW9zZXIgZXQgYWwuIEEgRnVsbCBEZXJhbmRvbWl6YXRpb24gb2YgU2Nob2VuaW5nJ3Mgay1TQVQgQWxnb3JpdGhtICgyMDEwKS5wZGbSFwsYGVdOUy5kYXRhTxECdAAAAAACdAACAAAMTWFjaW50b3NoIEhEAAAAAAAAAAAAAAAAAAAA1Jx5rUgrAAAAJyhWH01vc2VyIGV0IGFsLiBBIEZ1bGwgIzI2MjU4NC5wZGYAAAAAAAAAAAAAAAAAAAAAAAAAAAAAAAAAAAAAAAAAAAAmJYTU/ubdAAAAAAAAAAAAAgACAAAJIAAAAAAAAAAAAAAAAAAAAA1CaWJEZXNrUGFwZXJzAAAQAAgAANSb3v0AAAARAAgAANT+TC0AAAABABAAJyhWABW6fgAJp4wABmI2AAIAVk1hY2ludG9zaCBIRDpVc2VyczoAZWR3YXJkbGVlOgBEcm9wYm94OgBCaWJEZXNrUGFwZXJzOgBNb3NlciBldCBhbC4gQSBGdWxsICMyNjI1ODQucGRmAA4AnABNAE0AbwBzAGUAcgAgAGUAdAAgAGEAbAAuACAAQQAgAEYAdQBsAGwAIABEAGUAcgBhAG4AZABvAG0AaQB6AGEAdABpAG8AbgAgAG8AZgAgAFMAYwBoAG8AZQBuAGkAbgBnACcAcwAgAGsALQBTAEEAVAAgAEEAbABnAG8AcgBpAHQAaABtACAAKAAyADAAMQAwACkALgBwAGQAZgAPABoADABNAGEAYwBpAG4AdABvAHMAaAAgAEgARAASAHNVc2Vycy9lZHdhcmRsZWUvRHJvcGJveC9CaWJEZXNrUGFwZXJzL01vc2VyIGV0IGFsLiBBIEZ1bGwgRGVyYW5kb21pemF0aW9uIG9mIFNjaG9lbmluZydzIGstU0FUIEFsZ29yaXRobSAoMjAxMCkucGRmAAATAAEvAAAVAAIAEP//AACABtIbHB0eWiRjbGFzc25hbWVYJGNsYXNzZXNdTlNNdXRhYmxlRGF0YaMdHyBWTlNEYXRhWE5TT2JqZWN00hscIiNcTlNEaWN0aW9uYXJ5oiIgXxAPTlNLZXllZEFyY2hpdmVy0SYnVHJvb3SAAQAIABEAGgAjAC0AMgA3AEAARgBNAFUAYABnAGoAbABuAHEAcwB1AHcAhACOAPIA9wD/A3cDeQN+A4kDkgOgA6QDqwO0A7kDxgPJA9sD3gPjAAAAAAAAAgEAAAAAAAAAKAAAAAAAAAAAAAAAAAAAA+U=}}

@inproceedings{Schoning:1999:PAK:795665.796524,
	Acmid = {796524},
	Address = {Washington, DC, USA},
	Author = {Sch\"{o}ning, Uwe},
	Booktitle = {Proceedings of the 40th Annual Symposium on Foundations of Computer Science},
	Date-Added = {2017-03-27 04:55:18 +0000},
	Date-Modified = {2017-03-27 04:55:18 +0000},
	Isbn = {0-7695-0409-4},
	Keywords = {satisfiability, k-SAT, local-search algorithm, constraint satisfaction problem},
	Pages = {410--},
	Publisher = {IEEE Computer Society},
	Series = {FOCS '99},
	Title = {A Probabilistic Algorithm for k-SAT and Constraint Satisfaction Problems},
	Url = {http://dl.acm.org/citation.cfm?id=795665.796524},
	Year = {1999},
	Bdsk-File-1 = {YnBsaXN0MDDUAQIDBAUGJCVYJHZlcnNpb25YJG9iamVjdHNZJGFyY2hpdmVyVCR0b3ASAAGGoKgHCBMUFRYaIVUkbnVsbNMJCgsMDxJXTlMua2V5c1pOUy5vYmplY3RzViRjbGFzc6INDoACgAOiEBGABIAFgAdccmVsYXRpdmVQYXRoWWFsaWFzRGF0YV5zY2hvbmluZzk5LnBkZtIXCxgZV05TLmRhdGFPEQGYAAAAAAGYAAIAAAxNYWNpbnRvc2ggSEQAAAAAAAAAAAAAAAAAAADUnHmtSCsAAAAmHMsOc2Nob25pbmc5OS5wZGYAAAAAAAAAAAAAAAAAAAAAAAAAAAAAAAAAAAAAAAAAAAAAAAAAAAAAAAAAAAAAAAAAACYmRdT+59EAAAAAAAAAAAABAAIAAAkgAAAAAAAAAAAAAAAAAAAABDNTQVQAEAAIAADUm979AAAAEQAIAADU/k0hAAAAAQAUACYcywAVu+sAFbp+AAmnjAAGYjYAAgBBTWFjaW50b3NoIEhEOlVzZXJzOgBlZHdhcmRsZWU6AERyb3Bib3g6AFBoRDoAM1NBVDoAc2Nob25pbmc5OS5wZGYAAA4AHgAOAHMAYwBoAG8AbgBpAG4AZwA5ADkALgBwAGQAZgAPABoADABNAGEAYwBpAG4AdABvAHMAaAAgAEgARAASAC9Vc2Vycy9lZHdhcmRsZWUvRHJvcGJveC9QaEQvM1NBVC9zY2hvbmluZzk5LnBkZgAAEwABLwAAFQACABD//wAAgAbSGxwdHlokY2xhc3NuYW1lWCRjbGFzc2VzXU5TTXV0YWJsZURhdGGjHR8gVk5TRGF0YVhOU09iamVjdNIbHCIjXE5TRGljdGlvbmFyeaIiIF8QD05TS2V5ZWRBcmNoaXZlctEmJ1Ryb290gAEACAARABoAIwAtADIANwBAAEYATQBVAGAAZwBqAGwAbgBxAHMAdQB3AIQAjgCdAKIAqgJGAkgCTQJYAmECbwJzAnoCgwKIApUCmAKqAq0CsgAAAAAAAAIBAAAAAAAAACgAAAAAAAAAAAAAAAAAAAK0}}

@article{DBLP:journals/corr/abs-1009-4830,
	Author = {Timon Hertli and Robin A. Moser and Dominik Scheder},
	Bibsource = {dblp computer science bibliography, http://dblp.org},
	Biburl = {http://dblp.uni-trier.de/rec/bib/journals/corr/abs-1009-4830},
	Date-Added = {2017-03-27 04:54:07 +0000},
	Date-Modified = {2017-03-27 04:54:07 +0000},
	Journal = {CoRR},
	Timestamp = {Mon, 05 Dec 2011 18:04:06 +0100},
	Title = {Improving {PPSZ} for 3-SAT using Crtitical Variables},
	Url = {http://arxiv.org/abs/1009.4830},
	Volume = {abs/1009.4830},
	Year = {2010},
	Bdsk-File-1 = {YnBsaXN0MDDUAQIDBAUGJCVYJHZlcnNpb25YJG9iamVjdHNZJGFyY2hpdmVyVCR0b3ASAAGGoKgHCBMUFRYaIVUkbnVsbNMJCgsMDxJXTlMua2V5c1pOUy5vYmplY3RzViRjbGFzc6INDoACgAOiEBGABIAFgAdccmVsYXRpdmVQYXRoWWFsaWFzRGF0YV8QXy4uLy4uL0JpYkRlc2tQYXBlcnMvSGVydGxpIGV0IGFsLiBJbXByb3ZpbmcgUFBTWiBmb3IgMy1TQVQgdXNpbmcgQ3J0aXRpY2FsIFZhcmlhYmxlcyAoMjAxMCkucGRm0hcLGBlXTlMuZGF0YU8RAm4AAAAAAm4AAgAADE1hY2ludG9zaCBIRAAAAAAAAAAAAAAAAAAAANScea1IKwAAACcoVh9IZXJ0bGkgZXQgYWwuIEltcHJvdiMyNjI1RDcucGRmAAAAAAAAAAAAAAAAAAAAAAAAAAAAAAAAAAAAAAAAAAAAJiXX1P7m+gAAAAAAAAAAAAIAAgAACSAAAAAAAAAAAAAAAAAAAAANQmliRGVza1BhcGVycwAAEAAIAADUm979AAAAEQAIAADU/kxKAAAAAQAQACcoVgAVun4ACaeMAAZiNgACAFZNYWNpbnRvc2ggSEQ6VXNlcnM6AGVkd2FyZGxlZToARHJvcGJveDoAQmliRGVza1BhcGVyczoASGVydGxpIGV0IGFsLiBJbXByb3YjMjYyNUQ3LnBkZgAOAJgASwBIAGUAcgB0AGwAaQAgAGUAdAAgAGEAbAAuACAASQBtAHAAcgBvAHYAaQBuAGcAIABQAFAAUwBaACAAZgBvAHIAIAAzAC0AUwBBAFQAIAB1AHMAaQBuAGcAIABDAHIAdABpAHQAaQBjAGEAbAAgAFYAYQByAGkAYQBiAGwAZQBzACAAKAAyADAAMQAwACkALgBwAGQAZgAPABoADABNAGEAYwBpAG4AdABvAHMAaAAgAEgARAASAHFVc2Vycy9lZHdhcmRsZWUvRHJvcGJveC9CaWJEZXNrUGFwZXJzL0hlcnRsaSBldCBhbC4gSW1wcm92aW5nIFBQU1ogZm9yIDMtU0FUIHVzaW5nIENydGl0aWNhbCBWYXJpYWJsZXMgKDIwMTApLnBkZgAAEwABLwAAFQACABD//wAAgAbSGxwdHlokY2xhc3NuYW1lWCRjbGFzc2VzXU5TTXV0YWJsZURhdGGjHR8gVk5TRGF0YVhOU09iamVjdNIbHCIjXE5TRGljdGlvbmFyeaIiIF8QD05TS2V5ZWRBcmNoaXZlctEmJ1Ryb290gAEACAARABoAIwAtADIANwBAAEYATQBVAGAAZwBqAGwAbgBxAHMAdQB3AIQAjgDwAPUA/QNvA3EDdgOBA4oDmAOcA6MDrAOxA74DwQPTA9YD2wAAAAAAAAIBAAAAAAAAACgAAAAAAAAAAAAAAAAAAAPd}}

@article{DBLP:journals/corr/abs-1102-3766,
	Author = {Kazuhisa Makino and Suguru Tamaki and Masaki Yamamoto},
	Bibsource = {dblp computer science bibliography, http://dblp.org},
	Biburl = {http://dblp.uni-trier.de/rec/bib/journals/corr/abs-1102-3766},
	Date-Added = {2017-03-27 04:53:36 +0000},
	Date-Modified = {2017-03-27 04:53:36 +0000},
	Journal = {CoRR},
	Timestamp = {Wed, 14 Sep 2016 12:09:37 +0200},
	Title = {Derandomizing {HSSW} Algorithm for 3-SAT},
	Url = {http://arxiv.org/abs/1102.3766},
	Volume = {abs/1102.3766},
	Year = {2011},
	Bdsk-File-1 = {YnBsaXN0MDDUAQIDBAUGJCVYJHZlcnNpb25YJG9iamVjdHNZJGFyY2hpdmVyVCR0b3ASAAGGoKgHCBMUFRYaIVUkbnVsbNMJCgsMDxJXTlMua2V5c1pOUy5vYmplY3RzViRjbGFzc6INDoACgAOiEBGABIAFgAdccmVsYXRpdmVQYXRoWWFsaWFzRGF0YV8QUy4uLy4uL0JpYkRlc2tQYXBlcnMvTWFraW5vIGV0IGFsLiBEZXJhbmRvbWl6aW5nIEhTU1cgQWxnb3JpdGhtIGZvciAzLVNBVCAoMjAxMSkucGRm0hcLGBlXTlMuZGF0YU8RAkoAAAAAAkoAAgAADE1hY2ludG9zaCBIRAAAAAAAAAAAAAAAAAAAANScea1IKwAAACcoVh9NYWtpbm8gZXQgYWwuIERlcmFuZCMyNjI1QzgucGRmAAAAAAAAAAAAAAAAAAAAAAAAAAAAAAAAAAAAAAAAAAAAJiXI1P7m9gAAAAAAAAAAAAIAAgAACSAAAAAAAAAAAAAAAAAAAAANQmliRGVza1BhcGVycwAAEAAIAADUm979AAAAEQAIAADU/kxGAAAAAQAQACcoVgAVun4ACaeMAAZiNgACAFZNYWNpbnRvc2ggSEQ6VXNlcnM6AGVkd2FyZGxlZToARHJvcGJveDoAQmliRGVza1BhcGVyczoATWFraW5vIGV0IGFsLiBEZXJhbmQjMjYyNUM4LnBkZgAOAIAAPwBNAGEAawBpAG4AbwAgAGUAdAAgAGEAbAAuACAARABlAHIAYQBuAGQAbwBtAGkAegBpAG4AZwAgAEgAUwBTAFcAIABBAGwAZwBvAHIAaQB0AGgAbQAgAGYAbwByACAAMwAtAFMAQQBUACAAKAAyADAAMQAxACkALgBwAGQAZgAPABoADABNAGEAYwBpAG4AdABvAHMAaAAgAEgARAASAGVVc2Vycy9lZHdhcmRsZWUvRHJvcGJveC9CaWJEZXNrUGFwZXJzL01ha2lubyBldCBhbC4gRGVyYW5kb21pemluZyBIU1NXIEFsZ29yaXRobSBmb3IgMy1TQVQgKDIwMTEpLnBkZgAAEwABLwAAFQACABD//wAAgAbSGxwdHlokY2xhc3NuYW1lWCRjbGFzc2VzXU5TTXV0YWJsZURhdGGjHR8gVk5TRGF0YVhOU09iamVjdNIbHCIjXE5TRGljdGlvbmFyeaIiIF8QD05TS2V5ZWRBcmNoaXZlctEmJ1Ryb290gAEACAARABoAIwAtADIANwBAAEYATQBVAGAAZwBqAGwAbgBxAHMAdQB3AIQAjgDkAOkA8QM/A0EDRgNRA1oDaANsA3MDfAOBA44DkQOjA6YDqwAAAAAAAAIBAAAAAAAAACgAAAAAAAAAAAAAAAAAAAOt}}

@inbook{Rolf2005,
	Address = {Berlin, Heidelberg},
	Author = {Rolf, Daniel},
	Booktitle = {Theory and Applications of Satisfiability Testing: 8th International Conference, SAT 2005, St Andrews, UK, June 19-23, 2005. Proceedings},
	Date-Added = {2017-03-27 04:53:18 +0000},
	Date-Modified = {2017-03-27 04:53:18 +0000},
	Doi = {10.1007/11499107_16},
	Editor = {Bacchus, Fahiem and Walsh, Toby},
	Isbn = {978-3-540-31679-4},
	Pages = {216--225},
	Publisher = {Springer Berlin Heidelberg},
	Title = {Derandomization of PPSZ for Unique-k-SAT},
	Url = {http://dx.doi.org/10.1007/11499107_16},
	Year = {2005},
	Bdsk-File-1 = {YnBsaXN0MDDUAQIDBAUGJCVYJHZlcnNpb25YJG9iamVjdHNZJGFyY2hpdmVyVCR0b3ASAAGGoKgHCBMUFRYaIVUkbnVsbNMJCgsMDxJXTlMua2V5c1pOUy5vYmplY3RzViRjbGFzc6INDoACgAOiEBGABIAFgAdccmVsYXRpdmVQYXRoWWFsaWFzRGF0YV8QWy4uLy4uL0JpYkRlc2tQYXBlcnMvUm9sZi4gRGVyYW5kb21pemF0aW9uIG9mIFBQU1ogZm9yIFVuaXF1ZS1rLVNBVCAocHAgMjE2LS0yMjUpICgyMDA1KS5wZGbSFwsYGVdOUy5kYXRhTxECYgAAAAACYgACAAAMTWFjaW50b3NoIEhEAAAAAAAAAAAAAAAAAAAA1Jx5rUgrAAAAJyhWH1JvbGYuIERlcmFuZG9taXphdGlvIzI2MjVBQi5wZGYAAAAAAAAAAAAAAAAAAAAAAAAAAAAAAAAAAAAAAAAAAAAmJavU/ubuAAAAAAAAAAAAAgACAAAJIAAAAAAAAAAAAAAAAAAAAA1CaWJEZXNrUGFwZXJzAAAQAAgAANSb3v0AAAARAAgAANT+TD4AAAABABAAJyhWABW6fgAJp4wABmI2AAIAVk1hY2ludG9zaCBIRDpVc2VyczoAZWR3YXJkbGVlOgBEcm9wYm94OgBCaWJEZXNrUGFwZXJzOgBSb2xmLiBEZXJhbmRvbWl6YXRpbyMyNjI1QUIucGRmAA4AkABHAFIAbwBsAGYALgAgAEQAZQByAGEAbgBkAG8AbQBpAHoAYQB0AGkAbwBuACAAbwBmACAAUABQAFMAWgAgAGYAbwByACAAVQBuAGkAcQB1AGUALQBrAC0AUwBBAFQAIAAoAHAAcAAgADIAMQA2AC0ALQAyADIANQApACAAKAAyADAAMAA1ACkALgBwAGQAZgAPABoADABNAGEAYwBpAG4AdABvAHMAaAAgAEgARAASAG1Vc2Vycy9lZHdhcmRsZWUvRHJvcGJveC9CaWJEZXNrUGFwZXJzL1JvbGYuIERlcmFuZG9taXphdGlvbiBvZiBQUFNaIGZvciBVbmlxdWUtay1TQVQgKHBwIDIxNi0tMjI1KSAoMjAwNSkucGRmAAATAAEvAAAVAAIAEP//AACABtIbHB0eWiRjbGFzc25hbWVYJGNsYXNzZXNdTlNNdXRhYmxlRGF0YaMdHyBWTlNEYXRhWE5TT2JqZWN00hscIiNcTlNEaWN0aW9uYXJ5oiIgXxAPTlNLZXllZEFyY2hpdmVy0SYnVHJvb3SAAQAIABEAGgAjAC0AMgA3AEAARgBNAFUAYABnAGoAbABuAHEAcwB1AHcAhACOAOwA8QD5A18DYQNmA3EDegOIA4wDkwOcA6EDrgOxA8MDxgPLAAAAAAAAAgEAAAAAAAAAKAAAAAAAAAAAAAAAAAAAA80=}}

@article{DBLP:journals/corr/abs-1103-2165,
	Author = {Timon Hertli},
	Bibsource = {dblp computer science bibliography, http://dblp.org},
	Biburl = {http://dblp.uni-trier.de/rec/bib/journals/corr/abs-1103-2165},
	Date-Added = {2017-03-27 04:52:51 +0000},
	Date-Modified = {2017-03-27 04:52:51 +0000},
	Journal = {CoRR},
	Timestamp = {Mon, 05 Dec 2011 18:05:24 +0100},
	Title = {3-SAT Faster and Simpler - Unique-SAT Bounds for {PPSZ} Hold in General},
	Url = {http://arxiv.org/abs/1103.2165},
	Volume = {abs/1103.2165},
	Year = {2011},
	Bdsk-File-1 = {YnBsaXN0MDDUAQIDBAUGJCVYJHZlcnNpb25YJG9iamVjdHNZJGFyY2hpdmVyVCR0b3ASAAGGoKgHCBMUFRYaIVUkbnVsbNMJCgsMDxJXTlMua2V5c1pOUy5vYmplY3RzViRjbGFzc6INDoACgAOiEBGABIAFgAdccmVsYXRpdmVQYXRoWWFsaWFzRGF0YV8QbC4uLy4uL0JpYkRlc2tQYXBlcnMvSGVydGxpLiAzLVNBVCBGYXN0ZXIgYW5kIFNpbXBsZXIgLSBVbmlxdWUtU0FUIEJvdW5kcyBmb3IgUFBTWiBIb2xkIGluIEdlbmVyYWwgKDIwMTEpLnBkZtIXCxgZV05TLmRhdGFPEQKUAAAAAAKUAAIAAAxNYWNpbnRvc2ggSEQAAAAAAAAAAAAAAAAAAADUnHmtSCsAAAAnKFYfSGVydGxpLiAzLVNBVCBGYXN0ZXIjMjYyNTc2LnBkZgAAAAAAAAAAAAAAAAAAAAAAAAAAAAAAAAAAAAAAAAAAACYldtT+5tUAAAAAAAAAAAACAAIAAAkgAAAAAAAAAAAAAAAAAAAADUJpYkRlc2tQYXBlcnMAABAACAAA1Jve/QAAABEACAAA1P5MJQAAAAEAEAAnKFYAFbp+AAmnjAAGYjYAAgBWTWFjaW50b3NoIEhEOlVzZXJzOgBlZHdhcmRsZWU6AERyb3Bib3g6AEJpYkRlc2tQYXBlcnM6AEhlcnRsaS4gMy1TQVQgRmFzdGVyIzI2MjU3Ni5wZGYADgCyAFgASABlAHIAdABsAGkALgAgADMALQBTAEEAVAAgAEYAYQBzAHQAZQByACAAYQBuAGQAIABTAGkAbQBwAGwAZQByACAALQAgAFUAbgBpAHEAdQBlAC0AUwBBAFQAIABCAG8AdQBuAGQAcwAgAGYAbwByACAAUABQAFMAWgAgAEgAbwBsAGQAIABpAG4AIABHAGUAbgBlAHIAYQBsACAAKAAyADAAMQAxACkALgBwAGQAZgAPABoADABNAGEAYwBpAG4AdABvAHMAaAAgAEgARAASAH5Vc2Vycy9lZHdhcmRsZWUvRHJvcGJveC9CaWJEZXNrUGFwZXJzL0hlcnRsaS4gMy1TQVQgRmFzdGVyIGFuZCBTaW1wbGVyIC0gVW5pcXVlLVNBVCBCb3VuZHMgZm9yIFBQU1ogSG9sZCBpbiBHZW5lcmFsICgyMDExKS5wZGYAEwABLwAAFQACABD//wAAgAbSGxwdHlokY2xhc3NuYW1lWCRjbGFzc2VzXU5TTXV0YWJsZURhdGGjHR8gVk5TRGF0YVhOU09iamVjdNIbHCIjXE5TRGljdGlvbmFyeaIiIF8QD05TS2V5ZWRBcmNoaXZlctEmJ1Ryb290gAEACAARABoAIwAtADIANwBAAEYATQBVAGAAZwBqAGwAbgBxAHMAdQB3AIQAjgD9AQIBCgOiA6QDqQO0A70DywPPA9YD3wPkA/ED9AQGBAkEDgAAAAAAAAIBAAAAAAAAACgAAAAAAAAAAAAAAAAAAAQQ}}

@article{DBLP:journals/corr/Hertli13,
	Author = {Timon Hertli},
	Bibsource = {dblp computer science bibliography, http://dblp.org},
	Biburl = {http://dblp.uni-trier.de/rec/bib/journals/corr/Hertli13},
	Date-Added = {2017-03-27 04:51:32 +0000},
	Date-Modified = {2017-03-27 04:51:32 +0000},
	Journal = {CoRR},
	Timestamp = {Tue, 03 Dec 2013 15:04:21 +0100},
	Title = {Breaking the {PPSZ} Barrier for Unique 3-SAT},
	Url = {http://arxiv.org/abs/1311.2513},
	Volume = {abs/1311.2513},
	Year = {2013},
	Bdsk-File-1 = {YnBsaXN0MDDUAQIDBAUGJCVYJHZlcnNpb25YJG9iamVjdHNZJGFyY2hpdmVyVCR0b3ASAAGGoKgHCBMUFRYaIVUkbnVsbNMJCgsMDxJXTlMua2V5c1pOUy5vYmplY3RzViRjbGFzc6INDoACgAOiEBGABIAFgAdccmVsYXRpdmVQYXRoWWFsaWFzRGF0YV8QUS4uLy4uL0JpYkRlc2tQYXBlcnMvSGVydGxpLiBCcmVha2luZyB0aGUgUFBTWiBCYXJyaWVyIGZvciBVbmlxdWUgMy1TQVQgKDIwMTMpLnBkZtIXCxgZV05TLmRhdGFPEQJEAAAAAAJEAAIAAAxNYWNpbnRvc2ggSEQAAAAAAAAAAAAAAAAAAADUnHmtSCsAAAAnKFYfSGVydGxpLiBCcmVha2luZyB0aGUjMjYyNUE0LnBkZgAAAAAAAAAAAAAAAAAAAAAAAAAAAAAAAAAAAAAAAAAAACYlpNT+5ugAAAAAAAAAAAACAAIAAAkgAAAAAAAAAAAAAAAAAAAADUJpYkRlc2tQYXBlcnMAABAACAAA1Jve/QAAABEACAAA1P5MOAAAAAEAEAAnKFYAFbp+AAmnjAAGYjYAAgBWTWFjaW50b3NoIEhEOlVzZXJzOgBlZHdhcmRsZWU6AERyb3Bib3g6AEJpYkRlc2tQYXBlcnM6AEhlcnRsaS4gQnJlYWtpbmcgdGhlIzI2MjVBNC5wZGYADgB8AD0ASABlAHIAdABsAGkALgAgAEIAcgBlAGEAawBpAG4AZwAgAHQAaABlACAAUABQAFMAWgAgAEIAYQByAHIAaQBlAHIAIABmAG8AcgAgAFUAbgBpAHEAdQBlACAAMwAtAFMAQQBUACAAKAAyADAAMQAzACkALgBwAGQAZgAPABoADABNAGEAYwBpAG4AdABvAHMAaAAgAEgARAASAGNVc2Vycy9lZHdhcmRsZWUvRHJvcGJveC9CaWJEZXNrUGFwZXJzL0hlcnRsaS4gQnJlYWtpbmcgdGhlIFBQU1ogQmFycmllciBmb3IgVW5pcXVlIDMtU0FUICgyMDEzKS5wZGYAABMAAS8AABUAAgAQ//8AAIAG0hscHR5aJGNsYXNzbmFtZVgkY2xhc3Nlc11OU011dGFibGVEYXRhox0fIFZOU0RhdGFYTlNPYmplY3TSGxwiI1xOU0RpY3Rpb25hcnmiIiBfEA9OU0tleWVkQXJjaGl2ZXLRJidUcm9vdIABAAgAEQAaACMALQAyADcAQABGAE0AVQBgAGcAagBsAG4AcQBzAHUAdwCEAI4A4gDnAO8DNwM5Az4DSQNSA2ADZANrA3QDeQOGA4kDmwOeA6MAAAAAAAACAQAAAAAAAAAoAAAAAAAAAAAAAAAAAAADpQ==}}

@inbook{Iwama2010,
	Address = {Berlin, Heidelberg},
	Author = {Iwama, Kazuo and Seto, Kazuhisa and Takai, Tadashi and Tamaki, Suguru},
	Booktitle = {Algorithms and Computation: 21st International Symposium, ISAAC 2010, Jeju Island, Korea, December 15-17, 2010, Proceedings, Part I},
	Doi = {10.1007/978-3-642-17517-6_9},
	Editor = {Cheong, Otfried and Chwa, Kyung-Yong and Park, Kunsoo},
	Isbn = {978-3-642-17517-6},
	Pages = {73--84},
	Publisher = {Springer Berlin Heidelberg},
	Title = {Improved Randomized Algorithms for 3-SAT},
	Url = {http://dx.doi.org/10.1007/978-3-642-17517-6_9},
	Year = {2010},
	Bdsk-File-1 = {YnBsaXN0MDDUAQIDBAUGJCVYJHZlcnNpb25YJG9iamVjdHNZJGFyY2hpdmVyVCR0b3ASAAGGoKgHCBMUFRYaIVUkbnVsbNMJCgsMDxJXTlMua2V5c1pOUy5vYmplY3RzViRjbGFzc6INDoACgAOiEBGABIAFgAdccmVsYXRpdmVQYXRoWWFsaWFzRGF0YV8QYC4uLy4uL0JpYkRlc2tQYXBlcnMvSXdhbWEgZXQgYWwuIEltcHJvdmVkIFJhbmRvbWl6ZWQgQWxnb3JpdGhtcyBmb3IgMy1TQVQgKHBwIDczLS04NCkgKDIwMTApLnBkZtIXCxgZV05TLmRhdGFPEQJwAAAAAAJwAAIAAAxNYWNpbnRvc2ggSEQAAAAAAAAAAAAAAAAAAADUnHmtSCsAAAAnKFYfSXdhbWEgZXQgYWwuIEltcHJvdmUjMjYyMzQ1LnBkZgAAAAAAAAAAAAAAAAAAAAAAAAAAAAAAAAAAAAAAAAAAACYjRdT+4jEAAAAAAAAAAAACAAIAAAkgAAAAAAAAAAAAAAAAAAAADUJpYkRlc2tQYXBlcnMAABAACAAA1Jve/QAAABEACAAA1P5HgQAAAAEAEAAnKFYAFbp+AAmnjAAGYjYAAgBWTWFjaW50b3NoIEhEOlVzZXJzOgBlZHdhcmRsZWU6AERyb3Bib3g6AEJpYkRlc2tQYXBlcnM6AEl3YW1hIGV0IGFsLiBJbXByb3ZlIzI2MjM0NS5wZGYADgCaAEwASQB3AGEAbQBhACAAZQB0ACAAYQBsAC4AIABJAG0AcAByAG8AdgBlAGQAIABSAGEAbgBkAG8AbQBpAHoAZQBkACAAQQBsAGcAbwByAGkAdABoAG0AcwAgAGYAbwByACAAMwAtAFMAQQBUACAAKABwAHAAIAA3ADMALQAtADgANAApACAAKAAyADAAMQAwACkALgBwAGQAZgAPABoADABNAGEAYwBpAG4AdABvAHMAaAAgAEgARAASAHJVc2Vycy9lZHdhcmRsZWUvRHJvcGJveC9CaWJEZXNrUGFwZXJzL0l3YW1hIGV0IGFsLiBJbXByb3ZlZCBSYW5kb21pemVkIEFsZ29yaXRobXMgZm9yIDMtU0FUIChwcCA3My0tODQpICgyMDEwKS5wZGYAEwABLwAAFQACABD//wAAgAbSGxwdHlokY2xhc3NuYW1lWCRjbGFzc2VzXU5TTXV0YWJsZURhdGGjHR8gVk5TRGF0YVhOU09iamVjdNIbHCIjXE5TRGljdGlvbmFyeaIiIF8QD05TS2V5ZWRBcmNoaXZlctEmJ1Ryb290gAEACAARABoAIwAtADIANwBAAEYATQBVAGAAZwBqAGwAbgBxAHMAdQB3AIQAjgDxAPYA/gNyA3QDeQOEA40DmwOfA6YDrwO0A8EDxAPWA9kD3gAAAAAAAAIBAAAAAAAAACgAAAAAAAAAAAAAAAAAAAPg}}
