%% This BibTeX bibliography file was created using BibDesk.
%% http://bibdesk.sourceforge.net/

%% Created for Edward Lee at 2017-04-13 15:59:35 +1000 


%% Saved with string encoding Unicode (UTF-8) 


@comment{jabref-meta: databaseType:bibtex;}



@book{biere09handbook,
	Author = {Biere, Armin and Heule, Marijn and van Maaren, Hans},
	Date-Added = {2017-04-12 01:56:39 +0000},
	Date-Modified = {2017-04-12 01:58:30 +0000},
	Publisher = {IOS press},
	Title = {Handbook of satisfiability},
	Volume = {185},
	Year = {2009},
	Bdsk-File-1 = {YnBsaXN0MDDUAQIDBAUGJCVYJHZlcnNpb25YJG9iamVjdHNZJGFyY2hpdmVyVCR0b3ASAAGGoKgHCBMUFRYaIVUkbnVsbNMJCgsMDxJXTlMua2V5c1pOUy5vYmplY3RzViRjbGFzc6INDoACgAOiEBGABIAFgAdccmVsYXRpdmVQYXRoWWFsaWFzRGF0YV8QOXBhcGVycy9CaWVyZSBldCBhbC4gSGFuZGJvb2sgb2Ygc2F0aXNmaWFiaWxpdHkgKDIwMDkpLnBkZtIXCxgZV05TLmRhdGFPEQIoAAAAAAIoAAIAAAxNYWNpbnRvc2ggSEQAAAAAAAAAAAAAAAAAAADUnHmtSCsAAAAoRgQfQmllcmUgZXQgYWwuIEhhbmRib28jNDA2OTA2LnBkZgAAAAAAAAAAAAAAAAAAAAAAAAAAAAAAAAAAAAAAAAAAAEBpBtUTxhAAAAAAAAAAAAABAAMAAAkgAAAAAAAAAAAAAAAAAAAABnBhcGVycwAQAAgAANSb3v0AAAARAAgAANUTOXAAAAABABgAKEYEACYcywAVu+sAFbp+AAmnjAAGYjYAAgBaTWFjaW50b3NoIEhEOlVzZXJzOgBlZHdhcmRsZWU6AERyb3Bib3g6AFBoRDoAM1NBVDoAcGFwZXJzOgBCaWVyZSBldCBhbC4gSGFuZGJvbyM0MDY5MDYucGRmAA4AZgAyAEIAaQBlAHIAZQAgAGUAdAAgAGEAbAAuACAASABhAG4AZABiAG8AbwBrACAAbwBmACAAcwBhAHQAaQBzAGYAaQBhAGIAaQBsAGkAdAB5ACAAKAAyADAAMAA5ACkALgBwAGQAZgAPABoADABNAGEAYwBpAG4AdABvAHMAaAAgAEgARAASAFpVc2Vycy9lZHdhcmRsZWUvRHJvcGJveC9QaEQvM1NBVC9wYXBlcnMvQmllcmUgZXQgYWwuIEhhbmRib29rIG9mIHNhdGlzZmlhYmlsaXR5ICgyMDA5KS5wZGYAEwABLwAAFQACABD//wAAgAbSGxwdHlokY2xhc3NuYW1lWCRjbGFzc2VzXU5TTXV0YWJsZURhdGGjHR8gVk5TRGF0YVhOU09iamVjdNIbHCIjXE5TRGljdGlvbmFyeaIiIF8QD05TS2V5ZWRBcmNoaXZlctEmJ1Ryb290gAEACAARABoAIwAtADIANwBAAEYATQBVAGAAZwBqAGwAbgBxAHMAdQB3AIQAjgDKAM8A1wMDAwUDCgMVAx4DLAMwAzcDQANFA1IDVQNnA2oDbwAAAAAAAAIBAAAAAAAAACgAAAAAAAAAAAAAAAAAAANx}}

@article{davis62a-machine,
	__Markedentry = {[edwardlee:1]},
	Acmid = {368557},
	Address = {New York, NY, USA},
	Author = {Davis, Martin and Logemann, George and Loveland, Donald},
	Date-Added = {2017-03-28 00:22:35 +0000},
	Date-Modified = {2017-04-12 01:58:30 +0000},
	Doi = {10.1145/368273.368557},
	Issn = {0001-0782},
	Issue_Date = {July 1962},
	Journal = {Commun. ACM},
	Month = jul,
	Number = {7},
	Numpages = {4},
	Pages = {394--397},
	Publisher = {ACM},
	Title = {A Machine Program for Theorem-proving},
	Url = {http://doi.acm.org/10.1145/368273.368557},
	Volume = {5},
	Year = {1962},
	Bdsk-File-1 = {YnBsaXN0MDDUAQIDBAUGJCVYJHZlcnNpb25YJG9iamVjdHNZJGFyY2hpdmVyVCR0b3ASAAGGoKgHCBMUFRYaIVUkbnVsbNMJCgsMDxJXTlMua2V5c1pOUy5vYmplY3RzViRjbGFzc6INDoACgAOiEBGABIAFgAdccmVsYXRpdmVQYXRoWWFsaWFzRGF0YV8QRXBhcGVycy9EYXZpcyBldCBhbC4gQSBNYWNoaW5lIFByb2dyYW0gZm9yIFRoZW9yZW0tcHJvdmluZyAoMTk2MikwLnBkZtIXCxgZV05TLmRhdGFPEQJMAAAAAAJMAAIAAAxNYWNpbnRvc2ggSEQAAAAAAAAAAAAAAAAAAADUnHmtSCsAAAAoRgQfRGF2aXMgZXQgYWwuIEEgTWFjaGkjMjcyMzkyLnBkZgAAAAAAAAAAAAAAAAAAAAAAAAAAAAAAAAAAAAAAAAAAACcjktT/+BcAAAAAAAAAAAABAAMAAAkgAAAAAAAAAAAAAAAAAAAABnBhcGVycwAQAAgAANSb3v0AAAARAAgAANT/XWcAAAABABgAKEYEACYcywAVu+sAFbp+AAmnjAAGYjYAAgBaTWFjaW50b3NoIEhEOlVzZXJzOgBlZHdhcmRsZWU6AERyb3Bib3g6AFBoRDoAM1NBVDoAcGFwZXJzOgBEYXZpcyBldCBhbC4gQSBNYWNoaSMyNzIzOTIucGRmAA4AfgA+AEQAYQB2AGkAcwAgAGUAdAAgAGEAbAAuACAAQQAgAE0AYQBjAGgAaQBuAGUAIABQAHIAbwBnAHIAYQBtACAAZgBvAHIAIABUAGgAZQBvAHIAZQBtAC0AcAByAG8AdgBpAG4AZwAgACgAMQA5ADYAMgApADAALgBwAGQAZgAPABoADABNAGEAYwBpAG4AdABvAHMAaAAgAEgARAASAGZVc2Vycy9lZHdhcmRsZWUvRHJvcGJveC9QaEQvM1NBVC9wYXBlcnMvRGF2aXMgZXQgYWwuIEEgTWFjaGluZSBQcm9ncmFtIGZvciBUaGVvcmVtLXByb3ZpbmcgKDE5NjIpMC5wZGYAEwABLwAAFQACABD//wAAgAbSGxwdHlokY2xhc3NuYW1lWCRjbGFzc2VzXU5TTXV0YWJsZURhdGGjHR8gVk5TRGF0YVhOU09iamVjdNIbHCIjXE5TRGljdGlvbmFyeaIiIF8QD05TS2V5ZWRBcmNoaXZlctEmJ1Ryb290gAEACAARABoAIwAtADIANwBAAEYATQBVAGAAZwBqAGwAbgBxAHMAdQB3AIQAjgDWANsA4wMzAzUDOgNFA04DXANgA2cDcAN1A4IDhQOXA5oDnwAAAAAAAAIBAAAAAAAAACgAAAAAAAAAAAAAAAAAAAOh}}

@inproceedings{paturi98an-improved,
	Author = {Paturi, Ramamohan and Pudlik, P and Saks, Michael E and Zane, Francis},
	Booktitle = {Foundations of Computer Science, 1998. Proceedings. 39th Annual Symposium on},
	Date-Added = {2017-03-27 22:32:07 +0000},
	Date-Modified = {2017-04-12 01:58:30 +0000},
	Organization = {IEEE},
	Pages = {628--637},
	Title = {An improved exponential-time algorithm for k-SAT},
	Year = {1998},
	Bdsk-File-1 = {YnBsaXN0MDDUAQIDBAUGJCVYJHZlcnNpb25YJG9iamVjdHNZJGFyY2hpdmVyVCR0b3ASAAGGoKgHCBMUFRYaIVUkbnVsbNMJCgsMDxJXTlMua2V5c1pOUy5vYmplY3RzViRjbGFzc6INDoACgAOiEBGABIAFgAdccmVsYXRpdmVQYXRoWWFsaWFzRGF0YV8QUHBhcGVycy9QYXR1cmkgZXQgYWwuIEFuIGltcHJvdmVkIGV4cG9uZW50aWFsLXRpbWUgYWxnb3JpdGhtIGZvciBrLVNBVCAoMTk5OCkucGRm0hcLGBlXTlMuZGF0YU8RAm4AAAAAAm4AAgAADE1hY2ludG9zaCBIRAAAAAAAAAAAAAAAAAAAANScea1IKwAAAChGBB9QYXR1cmkgZXQgYWwuIEFuIGltcCMyODQ2NkIucGRmAAAAAAAAAAAAAAAAAAAAAAAAAAAAAAAAAAAAAAAAAAAAKEZr1P/3FAAAAAAAAAAAAAEAAwAACSAAAAAAAAAAAAAAAAAAAAAGcGFwZXJzABAACAAA1Jve/QAAABEACAAA1P9cZAAAAAEAGAAoRgQAJhzLABW76wAVun4ACaeMAAZiNgACAFpNYWNpbnRvc2ggSEQ6VXNlcnM6AGVkd2FyZGxlZToARHJvcGJveDoAUGhEOgAzU0FUOgBwYXBlcnM6AFBhdHVyaSBldCBhbC4gQW4gaW1wIzI4NDY2Qi5wZGYADgCUAEkAUABhAHQAdQByAGkAIABlAHQAIABhAGwALgAgAEEAbgAgAGkAbQBwAHIAbwB2AGUAZAAgAGUAeABwAG8AbgBlAG4AdABpAGEAbAAtAHQAaQBtAGUAIABhAGwAZwBvAHIAaQB0AGgAbQAgAGYAbwByACAAawAtAFMAQQBUACAAKAAxADkAOQA4ACkALgBwAGQAZgAPABoADABNAGEAYwBpAG4AdABvAHMAaAAgAEgARAASAHFVc2Vycy9lZHdhcmRsZWUvRHJvcGJveC9QaEQvM1NBVC9wYXBlcnMvUGF0dXJpIGV0IGFsLiBBbiBpbXByb3ZlZCBleHBvbmVudGlhbC10aW1lIGFsZ29yaXRobSBmb3Igay1TQVQgKDE5OTgpLnBkZgAAEwABLwAAFQACABD//wAAgAbSGxwdHlokY2xhc3NuYW1lWCRjbGFzc2VzXU5TTXV0YWJsZURhdGGjHR8gVk5TRGF0YVhOU09iamVjdNIbHCIjXE5TRGljdGlvbmFyeaIiIF8QD05TS2V5ZWRBcmNoaXZlctEmJ1Ryb290gAEACAARABoAIwAtADIANwBAAEYATQBVAGAAZwBqAGwAbgBxAHMAdQB3AIQAjgDhAOYA7gNgA2IDZwNyA3sDiQONA5QDnQOiA68DsgPEA8cDzAAAAAAAAAIBAAAAAAAAACgAAAAAAAAAAAAAAAAAAAPO}}

@article{moser10a-full,
	Author = {Robin A. Moser and Dominik Scheder},
	Bibsource = {dblp computer science bibliography, http://dblp.org},
	Biburl = {http://dblp.uni-trier.de/rec/bib/journals/corr/abs-1008-4067},
	Date-Added = {2017-03-27 04:55:44 +0000},
	Date-Modified = {2017-04-12 01:58:30 +0000},
	Journal = {CoRR},
	Timestamp = {Mon, 05 Dec 2011 18:05:15 +0100},
	Title = {A Full Derandomization of Schoening's k-SAT Algorithm},
	Url = {http://arxiv.org/abs/1008.4067},
	Volume = {abs/1008.4067},
	Year = {2010},
	Bdsk-File-1 = {YnBsaXN0MDDUAQIDBAUGJCVYJHZlcnNpb25YJG9iamVjdHNZJGFyY2hpdmVyVCR0b3ASAAGGoKgHCBMUFRYaIVUkbnVsbNMJCgsMDxJXTlMua2V5c1pOUy5vYmplY3RzViRjbGFzc6INDoACgAOiEBGABIAFgAdccmVsYXRpdmVQYXRoWWFsaWFzRGF0YV8QVHBhcGVycy9Nb3NlciBldCBhbC4gQSBGdWxsIERlcmFuZG9taXphdGlvbiBvZiBTY2hvZW5pbmcncyBrLVNBVCBBbGdvcml0aG0gKDIwMTApLnBkZtIXCxgZV05TLmRhdGFPEQJ6AAAAAAJ6AAIAAAxNYWNpbnRvc2ggSEQAAAAAAAAAAAAAAAAAAADUnHmtSCsAAAAoRgQfTW9zZXIgZXQgYWwuIEEgRnVsbCAjMjg0NjcyLnBkZgAAAAAAAAAAAAAAAAAAAAAAAAAAAAAAAAAAAAAAAAAAAChGctT+5t8AAAAAAAAAAAABAAMAAAkgAAAAAAAAAAAAAAAAAAAABnBhcGVycwAQAAgAANSb3v0AAAARAAgAANT+TC8AAAABABgAKEYEACYcywAVu+sAFbp+AAmnjAAGYjYAAgBaTWFjaW50b3NoIEhEOlVzZXJzOgBlZHdhcmRsZWU6AERyb3Bib3g6AFBoRDoAM1NBVDoAcGFwZXJzOgBNb3NlciBldCBhbC4gQSBGdWxsICMyODQ2NzIucGRmAA4AnABNAE0AbwBzAGUAcgAgAGUAdAAgAGEAbAAuACAAQQAgAEYAdQBsAGwAIABEAGUAcgBhAG4AZABvAG0AaQB6AGEAdABpAG8AbgAgAG8AZgAgAFMAYwBoAG8AZQBuAGkAbgBnACcAcwAgAGsALQBTAEEAVAAgAEEAbABnAG8AcgBpAHQAaABtACAAKAAyADAAMQAwACkALgBwAGQAZgAPABoADABNAGEAYwBpAG4AdABvAHMAaAAgAEgARAASAHVVc2Vycy9lZHdhcmRsZWUvRHJvcGJveC9QaEQvM1NBVC9wYXBlcnMvTW9zZXIgZXQgYWwuIEEgRnVsbCBEZXJhbmRvbWl6YXRpb24gb2YgU2Nob2VuaW5nJ3Mgay1TQVQgQWxnb3JpdGhtICgyMDEwKS5wZGYAABMAAS8AABUAAgAQ//8AAIAG0hscHR5aJGNsYXNzbmFtZVgkY2xhc3Nlc11OU011dGFibGVEYXRhox0fIFZOU0RhdGFYTlNPYmplY3TSGxwiI1xOU0RpY3Rpb25hcnmiIiBfEA9OU0tleWVkQXJjaGl2ZXLRJidUcm9vdIABAAgAEQAaACMALQAyADcAQABGAE0AVQBgAGcAagBsAG4AcQBzAHUAdwCEAI4A5QDqAPIDcANyA3cDggOLA5kDnQOkA60DsgO/A8ID1APXA9wAAAAAAAACAQAAAAAAAAAoAAAAAAAAAAAAAAAAAAAD3g==}}

@inproceedings{schoning99a-probabilistic,
	Acmid = {796524},
	Address = {Washington, DC, USA},
	Author = {Sch\"{o}ning, Uwe},
	Booktitle = {Proceedings of the 40th Annual Symposium on Foundations of Computer Science},
	Date-Added = {2017-03-27 04:55:18 +0000},
	Date-Modified = {2017-04-12 01:58:30 +0000},
	Isbn = {0-7695-0409-4},
	Keywords = {satisfiability, k-SAT, local-search algorithm, constraint satisfaction problem},
	Pages = {410--},
	Publisher = {IEEE Computer Society},
	Series = {FOCS '99},
	Title = {A Probabilistic Algorithm for k-SAT and Constraint Satisfaction Problems},
	Url = {http://dl.acm.org/citation.cfm?id=795665.796524},
	Year = {1999},
	Bdsk-File-1 = {YnBsaXN0MDDUAQIDBAUGJCVYJHZlcnNpb25YJG9iamVjdHNZJGFyY2hpdmVyVCR0b3ASAAGGoKgHCBMUFRYaIVUkbnVsbNMJCgsMDxJXTlMua2V5c1pOUy5vYmplY3RzViRjbGFzc6INDoACgAOiEBGABIAFgAdccmVsYXRpdmVQYXRoWWFsaWFzRGF0YV8QZHBhcGVycy9TY2hvbmluZy4gQSBQcm9iYWJpbGlzdGljIEFsZ29yaXRobSBmb3Igay1TQVQgYW5kIENvbnN0cmFpbnQgU2F0aXNmYWN0aW9uIFByb2JsZW1zICgxOTk5KS5wZGbSFwsYGVdOUy5kYXRhTxECqgAAAAACqgACAAAMTWFjaW50b3NoIEhEAAAAAAAAAAAAAAAAAAAA1Jx5rUgrAAAAKEYEH1NjaG9uaW5nLiBBIFByb2JhYmlsIzI4NDY3Ni5wZGYAAAAAAAAAAAAAAAAAAAAAAAAAAAAAAAAAAAAAAAAAAAAoRnbU/ufSAAAAAAAAAAAAAQADAAAJIAAAAAAAAAAAAAAAAAAAAAZwYXBlcnMAEAAIAADUm979AAAAEQAIAADU/k0iAAAAAQAYAChGBAAmHMsAFbvrABW6fgAJp4wABmI2AAIAWk1hY2ludG9zaCBIRDpVc2VyczoAZWR3YXJkbGVlOgBEcm9wYm94OgBQaEQ6ADNTQVQ6AHBhcGVyczoAU2Nob25pbmcuIEEgUHJvYmFiaWwjMjg0Njc2LnBkZgAOALwAXQBTAGMAaABvAG4AaQBuAGcALgAgAEEAIABQAHIAbwBiAGEAYgBpAGwAaQBzAHQAaQBjACAAQQBsAGcAbwByAGkAdABoAG0AIABmAG8AcgAgAGsALQBTAEEAVAAgAGEAbgBkACAAQwBvAG4AcwB0AHIAYQBpAG4AdAAgAFMAYQB0AGkAcwBmAGEAYwB0AGkAbwBuACAAUAByAG8AYgBsAGUAbQBzACAAKAAxADkAOQA5ACkALgBwAGQAZgAPABoADABNAGEAYwBpAG4AdABvAHMAaAAgAEgARAASAIVVc2Vycy9lZHdhcmRsZWUvRHJvcGJveC9QaEQvM1NBVC9wYXBlcnMvU2Nob25pbmcuIEEgUHJvYmFiaWxpc3RpYyBBbGdvcml0aG0gZm9yIGstU0FUIGFuZCBDb25zdHJhaW50IFNhdGlzZmFjdGlvbiBQcm9ibGVtcyAoMTk5OSkucGRmAAATAAEvAAAVAAIAEP//AACABtIbHB0eWiRjbGFzc25hbWVYJGNsYXNzZXNdTlNNdXRhYmxlRGF0YaMdHyBWTlNEYXRhWE5TT2JqZWN00hscIiNcTlNEaWN0aW9uYXJ5oiIgXxAPTlNLZXllZEFyY2hpdmVy0SYnVHJvb3SAAQAIABEAGgAjAC0AMgA3AEAARgBNAFUAYABnAGoAbABuAHEAcwB1AHcAhACOAPUA+gECA7ADsgO3A8IDywPZA90D5APtA/ID/wQCBBQEFwQcAAAAAAAAAgEAAAAAAAAAKAAAAAAAAAAAAAAAAAAABB4=}}

@article{hertli10improving,
	Author = {Timon Hertli and Robin A. Moser and Dominik Scheder},
	Bibsource = {dblp computer science bibliography, http://dblp.org},
	Biburl = {http://dblp.uni-trier.de/rec/bib/journals/corr/abs-1009-4830},
	Date-Added = {2017-03-27 04:54:07 +0000},
	Date-Modified = {2017-04-12 01:58:30 +0000},
	Journal = {CoRR},
	Timestamp = {Mon, 05 Dec 2011 18:04:06 +0100},
	Title = {Improving {PPSZ} for 3-SAT using Crtitical Variables},
	Url = {http://arxiv.org/abs/1009.4830},
	Volume = {abs/1009.4830},
	Year = {2010},
	Bdsk-File-1 = {YnBsaXN0MDDUAQIDBAUGJCVYJHZlcnNpb25YJG9iamVjdHNZJGFyY2hpdmVyVCR0b3ASAAGGoKgHCBMUFRYaIVUkbnVsbNMJCgsMDxJXTlMua2V5c1pOUy5vYmplY3RzViRjbGFzc6INDoACgAOiEBGABIAFgAdccmVsYXRpdmVQYXRoWWFsaWFzRGF0YV8QUnBhcGVycy9IZXJ0bGkgZXQgYWwuIEltcHJvdmluZyBQUFNaIGZvciAzLVNBVCB1c2luZyBDcnRpdGljYWwgVmFyaWFibGVzICgyMDEwKS5wZGbSFwsYGVdOUy5kYXRhTxECdAAAAAACdAACAAAMTWFjaW50b3NoIEhEAAAAAAAAAAAAAAAAAAAA1Jx5rUgrAAAAKEYEH0hlcnRsaSBldCBhbC4gSW1wcm92IzI4NDY2RC5wZGYAAAAAAAAAAAAAAAAAAAAAAAAAAAAAAAAAAAAAAAAAAAAoRm3U/ub7AAAAAAAAAAAAAQADAAAJIAAAAAAAAAAAAAAAAAAAAAZwYXBlcnMAEAAIAADUm979AAAAEQAIAADU/kxLAAAAAQAYAChGBAAmHMsAFbvrABW6fgAJp4wABmI2AAIAWk1hY2ludG9zaCBIRDpVc2VyczoAZWR3YXJkbGVlOgBEcm9wYm94OgBQaEQ6ADNTQVQ6AHBhcGVyczoASGVydGxpIGV0IGFsLiBJbXByb3YjMjg0NjZELnBkZgAOAJgASwBIAGUAcgB0AGwAaQAgAGUAdAAgAGEAbAAuACAASQBtAHAAcgBvAHYAaQBuAGcAIABQAFAAUwBaACAAZgBvAHIAIAAzAC0AUwBBAFQAIAB1AHMAaQBuAGcAIABDAHIAdABpAHQAaQBjAGEAbAAgAFYAYQByAGkAYQBiAGwAZQBzACAAKAAyADAAMQAwACkALgBwAGQAZgAPABoADABNAGEAYwBpAG4AdABvAHMAaAAgAEgARAASAHNVc2Vycy9lZHdhcmRsZWUvRHJvcGJveC9QaEQvM1NBVC9wYXBlcnMvSGVydGxpIGV0IGFsLiBJbXByb3ZpbmcgUFBTWiBmb3IgMy1TQVQgdXNpbmcgQ3J0aXRpY2FsIFZhcmlhYmxlcyAoMjAxMCkucGRmAAATAAEvAAAVAAIAEP//AACABtIbHB0eWiRjbGFzc25hbWVYJGNsYXNzZXNdTlNNdXRhYmxlRGF0YaMdHyBWTlNEYXRhWE5TT2JqZWN00hscIiNcTlNEaWN0aW9uYXJ5oiIgXxAPTlNLZXllZEFyY2hpdmVy0SYnVHJvb3SAAQAIABEAGgAjAC0AMgA3AEAARgBNAFUAYABnAGoAbABuAHEAcwB1AHcAhACOAOMA6ADwA2gDagNvA3oDgwORA5UDnAOlA6oDtwO6A8wDzwPUAAAAAAAAAgEAAAAAAAAAKAAAAAAAAAAAAAAAAAAAA9Y=}}

@article{makino11derandomizing,
	Author = {Kazuhisa Makino and Suguru Tamaki and Masaki Yamamoto},
	Bibsource = {dblp computer science bibliography, http://dblp.org},
	Biburl = {http://dblp.uni-trier.de/rec/bib/journals/corr/abs-1102-3766},
	Date-Added = {2017-03-27 04:53:36 +0000},
	Date-Modified = {2017-04-12 01:58:30 +0000},
	Journal = {CoRR},
	Timestamp = {Wed, 14 Sep 2016 12:09:37 +0200},
	Title = {Derandomizing {HSSW} Algorithm for 3-SAT},
	Url = {http://arxiv.org/abs/1102.3766},
	Volume = {abs/1102.3766},
	Year = {2011},
	Bdsk-File-1 = {YnBsaXN0MDDUAQIDBAUGJCVYJHZlcnNpb25YJG9iamVjdHNZJGFyY2hpdmVyVCR0b3ASAAGGoKgHCBMUFRYaIVUkbnVsbNMJCgsMDxJXTlMua2V5c1pOUy5vYmplY3RzViRjbGFzc6INDoACgAOiEBGABIAFgAdccmVsYXRpdmVQYXRoWWFsaWFzRGF0YV8QRnBhcGVycy9NYWtpbm8gZXQgYWwuIERlcmFuZG9taXppbmcgSFNTVyBBbGdvcml0aG0gZm9yIDMtU0FUICgyMDExKS5wZGbSFwsYGVdOUy5kYXRhTxECUAAAAAACUAACAAAMTWFjaW50b3NoIEhEAAAAAAAAAAAAAAAAAAAA1Jx5rUgrAAAAKEYEH01ha2lubyBldCBhbC4gRGVyYW5kIzI4NDY2Ny5wZGYAAAAAAAAAAAAAAAAAAAAAAAAAAAAAAAAAAAAAAAAAAAAoRmfU/ub3AAAAAAAAAAAAAQADAAAJIAAAAAAAAAAAAAAAAAAAAAZwYXBlcnMAEAAIAADUm979AAAAEQAIAADU/kxHAAAAAQAYAChGBAAmHMsAFbvrABW6fgAJp4wABmI2AAIAWk1hY2ludG9zaCBIRDpVc2VyczoAZWR3YXJkbGVlOgBEcm9wYm94OgBQaEQ6ADNTQVQ6AHBhcGVyczoATWFraW5vIGV0IGFsLiBEZXJhbmQjMjg0NjY3LnBkZgAOAIAAPwBNAGEAawBpAG4AbwAgAGUAdAAgAGEAbAAuACAARABlAHIAYQBuAGQAbwBtAGkAegBpAG4AZwAgAEgAUwBTAFcAIABBAGwAZwBvAHIAaQB0AGgAbQAgAGYAbwByACAAMwAtAFMAQQBUACAAKAAyADAAMQAxACkALgBwAGQAZgAPABoADABNAGEAYwBpAG4AdABvAHMAaAAgAEgARAASAGdVc2Vycy9lZHdhcmRsZWUvRHJvcGJveC9QaEQvM1NBVC9wYXBlcnMvTWFraW5vIGV0IGFsLiBEZXJhbmRvbWl6aW5nIEhTU1cgQWxnb3JpdGhtIGZvciAzLVNBVCAoMjAxMSkucGRmAAATAAEvAAAVAAIAEP//AACABtIbHB0eWiRjbGFzc25hbWVYJGNsYXNzZXNdTlNNdXRhYmxlRGF0YaMdHyBWTlNEYXRhWE5TT2JqZWN00hscIiNcTlNEaWN0aW9uYXJ5oiIgXxAPTlNLZXllZEFyY2hpdmVy0SYnVHJvb3SAAQAIABEAGgAjAC0AMgA3AEAARgBNAFUAYABnAGoAbABuAHEAcwB1AHcAhACOANcA3ADkAzgDOgM/A0oDUwNhA2UDbAN1A3oDhwOKA5wDnwOkAAAAAAAAAgEAAAAAAAAAKAAAAAAAAAAAAAAAAAAAA6Y=}}

@inbook{rolf05derandomization,
	Address = {Berlin, Heidelberg},
	Author = {Rolf, Daniel},
	Booktitle = {Theory and Applications of Satisfiability Testing: 8th International Conference, SAT 2005, St Andrews, UK, June 19-23, 2005. Proceedings},
	Date-Added = {2017-03-27 04:53:18 +0000},
	Date-Modified = {2017-04-12 01:58:30 +0000},
	Doi = {10.1007/11499107_16},
	Editor = {Bacchus, Fahiem and Walsh, Toby},
	Isbn = {978-3-540-31679-4},
	Pages = {216--225},
	Publisher = {Springer Berlin Heidelberg},
	Title = {Derandomization of PPSZ for Unique-k-SAT},
	Url = {http://dx.doi.org/10.1007/11499107_16},
	Year = {2005},
	Bdsk-File-1 = {YnBsaXN0MDDUAQIDBAUGJCVYJHZlcnNpb25YJG9iamVjdHNZJGFyY2hpdmVyVCR0b3ASAAGGoKgHCBMUFRYaIVUkbnVsbNMJCgsMDxJXTlMua2V5c1pOUy5vYmplY3RzViRjbGFzc6INDoACgAOiEBGABIAFgAdccmVsYXRpdmVQYXRoWWFsaWFzRGF0YV8QTnBhcGVycy9Sb2xmLiBEZXJhbmRvbWl6YXRpb24gb2YgUFBTWiBmb3IgVW5pcXVlLWstU0FUIChwcCAyMTYtLTIyNSkgKDIwMDUpLnBkZtIXCxgZV05TLmRhdGFPEQJoAAAAAAJoAAIAAAxNYWNpbnRvc2ggSEQAAAAAAAAAAAAAAAAAAADUnHmtSCsAAAAoRgQfUm9sZi4gRGVyYW5kb21pemF0aW8jMjg0NjY5LnBkZgAAAAAAAAAAAAAAAAAAAAAAAAAAAAAAAAAAAAAAAAAAAChGadT+5u4AAAAAAAAAAAABAAMAAAkgAAAAAAAAAAAAAAAAAAAABnBhcGVycwAQAAgAANSb3v0AAAARAAgAANT+TD4AAAABABgAKEYEACYcywAVu+sAFbp+AAmnjAAGYjYAAgBaTWFjaW50b3NoIEhEOlVzZXJzOgBlZHdhcmRsZWU6AERyb3Bib3g6AFBoRDoAM1NBVDoAcGFwZXJzOgBSb2xmLiBEZXJhbmRvbWl6YXRpbyMyODQ2NjkucGRmAA4AkABHAFIAbwBsAGYALgAgAEQAZQByAGEAbgBkAG8AbQBpAHoAYQB0AGkAbwBuACAAbwBmACAAUABQAFMAWgAgAGYAbwByACAAVQBuAGkAcQB1AGUALQBrAC0AUwBBAFQAIAAoAHAAcAAgADIAMQA2AC0ALQAyADIANQApACAAKAAyADAAMAA1ACkALgBwAGQAZgAPABoADABNAGEAYwBpAG4AdABvAHMAaAAgAEgARAASAG9Vc2Vycy9lZHdhcmRsZWUvRHJvcGJveC9QaEQvM1NBVC9wYXBlcnMvUm9sZi4gRGVyYW5kb21pemF0aW9uIG9mIFBQU1ogZm9yIFVuaXF1ZS1rLVNBVCAocHAgMjE2LS0yMjUpICgyMDA1KS5wZGYAABMAAS8AABUAAgAQ//8AAIAG0hscHR5aJGNsYXNzbmFtZVgkY2xhc3Nlc11OU011dGFibGVEYXRhox0fIFZOU0RhdGFYTlNPYmplY3TSGxwiI1xOU0RpY3Rpb25hcnmiIiBfEA9OU0tleWVkQXJjaGl2ZXLRJidUcm9vdIABAAgAEQAaACMALQAyADcAQABGAE0AVQBgAGcAagBsAG4AcQBzAHUAdwCEAI4A3wDkAOwDWANaA18DagNzA4EDhQOMA5UDmgOnA6oDvAO/A8QAAAAAAAACAQAAAAAAAAAoAAAAAAAAAAAAAAAAAAADxg==}}

@article{hertli113-sat,
	Author = {Timon Hertli},
	Bibsource = {dblp computer science bibliography, http://dblp.org},
	Biburl = {http://dblp.uni-trier.de/rec/bib/journals/corr/abs-1103-2165},
	Date-Added = {2017-03-27 04:52:51 +0000},
	Date-Modified = {2017-04-12 01:58:30 +0000},
	Journal = {CoRR},
	Timestamp = {Mon, 05 Dec 2011 18:05:24 +0100},
	Title = {3-SAT Faster and Simpler - Unique-SAT Bounds for {PPSZ} Hold in General},
	Url = {http://arxiv.org/abs/1103.2165},
	Volume = {abs/1103.2165},
	Year = {2011},
	Bdsk-File-1 = {YnBsaXN0MDDUAQIDBAUGJCVYJHZlcnNpb25YJG9iamVjdHNZJGFyY2hpdmVyVCR0b3ASAAGGoKgHCBMUFRYaIVUkbnVsbNMJCgsMDxJXTlMua2V5c1pOUy5vYmplY3RzViRjbGFzc6INDoACgAOiEBGABIAFgAdccmVsYXRpdmVQYXRoWWFsaWFzRGF0YV8QX3BhcGVycy9IZXJ0bGkuIDMtU0FUIEZhc3RlciBhbmQgU2ltcGxlciAtIFVuaXF1ZS1TQVQgQm91bmRzIGZvciBQUFNaIEhvbGQgaW4gR2VuZXJhbCAoMjAxMSkucGRm0hcLGBlXTlMuZGF0YU8RApoAAAAAApoAAgAADE1hY2ludG9zaCBIRAAAAAAAAAAAAAAAAAAAANScea1IKwAAAChGBB9IZXJ0bGkuIDMtU0FUIEZhc3RlciMyODQ2NzQucGRmAAAAAAAAAAAAAAAAAAAAAAAAAAAAAAAAAAAAAAAAAAAAKEZ01P7m1QAAAAAAAAAAAAEAAwAACSAAAAAAAAAAAAAAAAAAAAAGcGFwZXJzABAACAAA1Jve/QAAABEACAAA1P5MJQAAAAEAGAAoRgQAJhzLABW76wAVun4ACaeMAAZiNgACAFpNYWNpbnRvc2ggSEQ6VXNlcnM6AGVkd2FyZGxlZToARHJvcGJveDoAUGhEOgAzU0FUOgBwYXBlcnM6AEhlcnRsaS4gMy1TQVQgRmFzdGVyIzI4NDY3NC5wZGYADgCyAFgASABlAHIAdABsAGkALgAgADMALQBTAEEAVAAgAEYAYQBzAHQAZQByACAAYQBuAGQAIABTAGkAbQBwAGwAZQByACAALQAgAFUAbgBpAHEAdQBlAC0AUwBBAFQAIABCAG8AdQBuAGQAcwAgAGYAbwByACAAUABQAFMAWgAgAEgAbwBsAGQAIABpAG4AIABHAGUAbgBlAHIAYQBsACAAKAAyADAAMQAxACkALgBwAGQAZgAPABoADABNAGEAYwBpAG4AdABvAHMAaAAgAEgARAASAIBVc2Vycy9lZHdhcmRsZWUvRHJvcGJveC9QaEQvM1NBVC9wYXBlcnMvSGVydGxpLiAzLVNBVCBGYXN0ZXIgYW5kIFNpbXBsZXIgLSBVbmlxdWUtU0FUIEJvdW5kcyBmb3IgUFBTWiBIb2xkIGluIEdlbmVyYWwgKDIwMTEpLnBkZgATAAEvAAAVAAIAEP//AACABtIbHB0eWiRjbGFzc25hbWVYJGNsYXNzZXNdTlNNdXRhYmxlRGF0YaMdHyBWTlNEYXRhWE5TT2JqZWN00hscIiNcTlNEaWN0aW9uYXJ5oiIgXxAPTlNLZXllZEFyY2hpdmVy0SYnVHJvb3SAAQAIABEAGgAjAC0AMgA3AEAARgBNAFUAYABnAGoAbABuAHEAcwB1AHcAhACOAPAA9QD9A5sDnQOiA60DtgPEA8gDzwPYA90D6gPtA/8EAgQHAAAAAAAAAgEAAAAAAAAAKAAAAAAAAAAAAAAAAAAABAk=}}

@article{hertli13breaking,
	__Markedentry = {[edwardlee:1]},
	Author = {Timon Hertli},
	Bibsource = {dblp computer science bibliography, http://dblp.org},
	Biburl = {http://dblp.uni-trier.de/rec/bib/journals/corr/Hertli13},
	Date-Added = {2017-03-27 04:51:32 +0000},
	Date-Modified = {2017-04-12 01:58:30 +0000},
	Journal = {CoRR},
	Timestamp = {Tue, 03 Dec 2013 15:04:21 +0100},
	Title = {Breaking the {PPSZ} Barrier for Unique 3-SAT},
	Url = {http://arxiv.org/abs/1311.2513},
	Volume = {abs/1311.2513},
	Year = {2013},
	Bdsk-File-1 = {YnBsaXN0MDDUAQIDBAUGJCVYJHZlcnNpb25YJG9iamVjdHNZJGFyY2hpdmVyVCR0b3ASAAGGoKgHCBMUFRYaIVUkbnVsbNMJCgsMDxJXTlMua2V5c1pOUy5vYmplY3RzViRjbGFzc6INDoACgAOiEBGABIAFgAdccmVsYXRpdmVQYXRoWWFsaWFzRGF0YV8QRHBhcGVycy9IZXJ0bGkuIEJyZWFraW5nIHRoZSBQUFNaIEJhcnJpZXIgZm9yIFVuaXF1ZSAzLVNBVCAoMjAxMykucGRm0hcLGBlXTlMuZGF0YU8RAkoAAAAAAkoAAgAADE1hY2ludG9zaCBIRAAAAAAAAAAAAAAAAAAAANScea1IKwAAAChGBB9IZXJ0bGkuIEJyZWFraW5nIHRoZSMyODQ2NjUucGRmAAAAAAAAAAAAAAAAAAAAAAAAAAAAAAAAAAAAAAAAAAAAKEZl1P7m6AAAAAAAAAAAAAEAAwAACSAAAAAAAAAAAAAAAAAAAAAGcGFwZXJzABAACAAA1Jve/QAAABEACAAA1P5MOAAAAAEAGAAoRgQAJhzLABW76wAVun4ACaeMAAZiNgACAFpNYWNpbnRvc2ggSEQ6VXNlcnM6AGVkd2FyZGxlZToARHJvcGJveDoAUGhEOgAzU0FUOgBwYXBlcnM6AEhlcnRsaS4gQnJlYWtpbmcgdGhlIzI4NDY2NS5wZGYADgB8AD0ASABlAHIAdABsAGkALgAgAEIAcgBlAGEAawBpAG4AZwAgAHQAaABlACAAUABQAFMAWgAgAEIAYQByAHIAaQBlAHIAIABmAG8AcgAgAFUAbgBpAHEAdQBlACAAMwAtAFMAQQBUACAAKAAyADAAMQAzACkALgBwAGQAZgAPABoADABNAGEAYwBpAG4AdABvAHMAaAAgAEgARAASAGVVc2Vycy9lZHdhcmRsZWUvRHJvcGJveC9QaEQvM1NBVC9wYXBlcnMvSGVydGxpLiBCcmVha2luZyB0aGUgUFBTWiBCYXJyaWVyIGZvciBVbmlxdWUgMy1TQVQgKDIwMTMpLnBkZgAAEwABLwAAFQACABD//wAAgAbSGxwdHlokY2xhc3NuYW1lWCRjbGFzc2VzXU5TTXV0YWJsZURhdGGjHR8gVk5TRGF0YVhOU09iamVjdNIbHCIjXE5TRGljdGlvbmFyeaIiIF8QD05TS2V5ZWRBcmNoaXZlctEmJ1Ryb290gAEACAARABoAIwAtADIANwBAAEYATQBVAGAAZwBqAGwAbgBxAHMAdQB3AIQAjgDVANoA4gMwAzIDNwNCA0sDWQNdA2QDbQNyA38DggOUA5cDnAAAAAAAAAIBAAAAAAAAACgAAAAAAAAAAAAAAAAAAAOe}}

@inbook{iwama10improved,
	Address = {Berlin, Heidelberg},
	Author = {Iwama, Kazuo and Seto, Kazuhisa and Takai, Tadashi and Tamaki, Suguru},
	Booktitle = {Algorithms and Computation: 21st International Symposium, ISAAC 2010, Jeju Island, Korea, December 15-17, 2010, Proceedings, Part I},
	Date-Modified = {2017-04-12 01:58:30 +0000},
	Doi = {10.1007/978-3-642-17517-6_9},
	Editor = {Cheong, Otfried and Chwa, Kyung-Yong and Park, Kunsoo},
	Isbn = {978-3-642-17517-6},
	Pages = {73--84},
	Publisher = {Springer Berlin Heidelberg},
	Title = {Improved Randomized Algorithms for 3-SAT},
	Url = {http://dx.doi.org/10.1007/978-3-642-17517-6_9},
	Year = {2010},
	Bdsk-File-1 = {YnBsaXN0MDDUAQIDBAUGJCVYJHZlcnNpb25YJG9iamVjdHNZJGFyY2hpdmVyVCR0b3ASAAGGoKgHCBMUFRYaIVUkbnVsbNMJCgsMDxJXTlMua2V5c1pOUy5vYmplY3RzViRjbGFzc6INDoACgAOiEBGABIAFgAdccmVsYXRpdmVQYXRoWWFsaWFzRGF0YV8QU3BhcGVycy9Jd2FtYSBldCBhbC4gSW1wcm92ZWQgUmFuZG9taXplZCBBbGdvcml0aG1zIGZvciAzLVNBVCAocHAgNzMtLTg0KSAoMjAxMCkucGRm0hcLGBlXTlMuZGF0YU8RAnYAAAAAAnYAAgAADE1hY2ludG9zaCBIRAAAAAAAAAAAAAAAAAAAANScea1IKwAAAChGBB9Jd2FtYSBldCBhbC4gSW1wcm92ZSMyODQ2NkYucGRmAAAAAAAAAAAAAAAAAAAAAAAAAAAAAAAAAAAAAAAAAAAAKEZv1P7iMQAAAAAAAAAAAAEAAwAACSAAAAAAAAAAAAAAAAAAAAAGcGFwZXJzABAACAAA1Jve/QAAABEACAAA1P5HgQAAAAEAGAAoRgQAJhzLABW76wAVun4ACaeMAAZiNgACAFpNYWNpbnRvc2ggSEQ6VXNlcnM6AGVkd2FyZGxlZToARHJvcGJveDoAUGhEOgAzU0FUOgBwYXBlcnM6AEl3YW1hIGV0IGFsLiBJbXByb3ZlIzI4NDY2Ri5wZGYADgCaAEwASQB3AGEAbQBhACAAZQB0ACAAYQBsAC4AIABJAG0AcAByAG8AdgBlAGQAIABSAGEAbgBkAG8AbQBpAHoAZQBkACAAQQBsAGcAbwByAGkAdABoAG0AcwAgAGYAbwByACAAMwAtAFMAQQBUACAAKABwAHAAIAA3ADMALQAtADgANAApACAAKAAyADAAMQAwACkALgBwAGQAZgAPABoADABNAGEAYwBpAG4AdABvAHMAaAAgAEgARAASAHRVc2Vycy9lZHdhcmRsZWUvRHJvcGJveC9QaEQvM1NBVC9wYXBlcnMvSXdhbWEgZXQgYWwuIEltcHJvdmVkIFJhbmRvbWl6ZWQgQWxnb3JpdGhtcyBmb3IgMy1TQVQgKHBwIDczLS04NCkgKDIwMTApLnBkZgATAAEvAAAVAAIAEP//AACABtIbHB0eWiRjbGFzc25hbWVYJGNsYXNzZXNdTlNNdXRhYmxlRGF0YaMdHyBWTlNEYXRhWE5TT2JqZWN00hscIiNcTlNEaWN0aW9uYXJ5oiIgXxAPTlNLZXllZEFyY2hpdmVy0SYnVHJvb3SAAQAIABEAGgAjAC0AMgA3AEAARgBNAFUAYABnAGoAbABuAHEAcwB1AHcAhACOAOQA6QDxA2sDbQNyA30DhgOUA5gDnwOoA60DugO9A88D0gPXAAAAAAAAAgEAAAAAAAAAKAAAAAAAAAAAAAAAAAAAA9k=}}
